@book{BV04,
	title={Convex optimization},
	author={Boyd, Stephen and Vandenberghe, Lieven},
	year={2004},
	publisher={Cambridge university press}
}

@article{WN99,
	title={Numerical optimization},
	author={Wright, Stephen and Nocedal, Jorge},
	journal={Springer Science},
	volume={35},
	number={67-68},
	pages={7},
	year={1999}
}

@inproceedings{AFKRS14,
	author    = {Amihood Amir and
	Jessica Ficler and
	Robert Krauthgamer and
	Liam Roditty and
	Oren Sar Shalom},
	title     = {Multiply Balanced k -Partitioning},
	booktitle = {{LATIN} 2014: Theoretical Informatics - 11th Latin American Symposium,
	Montevideo, Uruguay, March 31 - April 4, 2014. Proceedings},
	pages     = {586--597},
	year      = {2014},
	crossref  = {DBLP:conf/latin/2014},
	url       = {https://doi.org/10.1007/978-3-642-54423-1_51},
	doi       = {10.1007/978-3-642-54423-1_51},
	timestamp = {Tue, 23 May 2017 01:11:27 +0200},
	biburl    = {https://dblp.org/rec/bib/conf/latin/AmirFKRS14},
	bibsource = {dblp computer science bibliography, https://dblp.org}
}

@inproceedings{MM14,
	author    = {Konstantin Makarychev and
	Yury Makarychev},
	title     = {Nonuniform Graph Partitioning with Unrelated Weights},
	booktitle = {Automata, Languages, and Programming - 41st International Colloquium,
	{ICALP} 2014, Copenhagen, Denmark, July 8-11, 2014, Proceedings, Part
	{I}},
	pages     = {812--822},
	year      = {2014},
	crossref  = {DBLP:conf/icalp/2014-1},
	url       = {https://doi.org/10.1007/978-3-662-43948-7_67},
	doi       = {10.1007/978-3-662-43948-7_67},
	timestamp = {Tue, 23 May 2017 01:08:20 +0200},
	biburl    = {https://dblp.org/rec/bib/conf/icalp/MakarychevM14},
	bibsource = {dblp computer science bibliography, https://dblp.org}
}

@inproceedings{KNS09,
	author    = {Robert Krauthgamer and
	Joseph Naor and
	Roy Schwartz},
	title     = {Partitioning graphs into balanced components},
	booktitle = {Proceedings of the Twentieth Annual {ACM-SIAM} Symposium on Discrete
	Algorithms, {SODA} 2009, New York, NY, USA, January 4-6, 2009},
	pages     = {942--949},
	year      = {2009},
	crossref  = {DBLP:conf/soda/2009},
	url       = {http://dl.acm.org/citation.cfm?id=1496770.1496872},
	timestamp = {Wed, 24 May 2017 08:31:21 +0200},
	biburl    = {https://dblp.org/rec/bib/conf/soda/KrauthgamerNS09},
	bibsource = {dblp computer science bibliography, https://dblp.org}
}

@inproceedings{DGRW12,
	author    = {Daniel Delling and
	Andrew V. Goldberg and
	Ilya P. Razenshteyn and
	Renato Fonseca F. Werneck},
	title     = {Exact Combinatorial Branch-and-Bound for Graph Bisection},
	booktitle = {Proceedings of the 14th Meeting on Algorithm Engineering {\&}
	Experiments, {ALENEX} 2012, The Westin Miyako, Kyoto, Japan, January
	16, 2012},
	pages     = {30--44},
	year      = {2012},
	crossref  = {DBLP:conf/alenex/2012},
	url       = {https://doi.org/10.1137/1.9781611972924.3},
	doi       = {10.1137/1.9781611972924.3},
	timestamp = {Fri, 19 May 2017 01:26:03 +0200},
	biburl    = {https://dblp.org/rec/bib/conf/alenex/DellingGRW12},
	bibsource = {dblp computer science bibliography, https://dblp.org}
}

@incollection{BMSSS16,
	author    = {Aydin Bulu{\c{c}} and
	Henning Meyerhenke and
	Ilya Safro and
	Peter Sanders and
	Christian Schulz},
	title     = {Recent Advances in Graph Partitioning},
	booktitle = {Algorithm Engineering - Selected Results and Surveys},
	pages     = {117--158},
	year      = {2016},
	crossref  = {DBLP:series/lncs/9220},
	url       = {https://doi.org/10.1007/978-3-319-49487-6_4},
	doi       = {10.1007/978-3-319-49487-6_4},
	timestamp = {Tue, 16 May 2017 14:24:27 +0200},
	biburl    = {https://dblp.org/rec/bib/series/lncs/BulucMSS016},
	bibsource = {dblp computer science bibliography, https://dblp.org}
}


@TECHREPORT{KK95,
	author = {George Karypis and Vipin Kumar},
	title = {METIS -- Unstructured Graph Partitioning and Sparse Matrix Ordering System, Version 2.0},
	institution = {},
	year = {1995}
}

@inproceedings{MLLS17,
	author    = {Claudio Martella and
	Dionysios Logothetis and
	Andreas Loukas and
	Georgos Siganos},
	title     = {Spinner: Scalable Graph Partitioning in the Cloud},
	booktitle = {33rd {IEEE} International Conference on Data Engineering, {ICDE} 2017,
	San Diego, CA, USA, April 19-22, 2017},
	pages     = {1083--1094},
	year      = {2017},
	crossref  = {DBLP:conf/icde/2017},
	url       = {https://doi.org/10.1109/ICDE.2017.153},
	doi       = {10.1109/ICDE.2017.153},
	timestamp = {Wed, 24 May 2017 11:31:57 +0200},
	biburl    = {https://dblp.org/rec/bib/conf/icde/MartellaLLS17},
	bibsource = {dblp computer science bibliography, https://dblp.org}
}

@inproceedings{TGRV14,
	author    = {Charalampos E. Tsourakakis and
	Christos Gkantsidis and
	Bozidar Radunovic and
	Milan Vojnovic},
	title     = {{FENNEL:} streaming graph partitioning for massive scale graphs},
	booktitle = {Seventh {ACM} International Conference on Web Search and Data Mining,
	{WSDM} 2014, New York, NY, USA, February 24-28, 2014},
	pages     = {333--342},
	year      = {2014},
	crossref  = {DBLP:conf/wsdm/2014},
	url       = {http://doi.acm.org/10.1145/2556195.2556213},
	doi       = {10.1145/2556195.2556213},
	timestamp = {Wed, 29 Mar 2017 16:45:26 +0200},
	biburl    = {https://dblp.org/rec/bib/conf/wsdm/TsourakakisGRV14},
	bibsource = {dblp computer science bibliography, https://dblp.org}
}

@inproceedings{DKKOPS16,
	author = {Dhulipala, Laxman and Kabiljo, Igor and Karrer, Brian and Ottaviano, Giuseppe and Pupyrev, Sergey and Shalita, Alon},
	title = {Compressing Graphs and Indexes with Recursive Graph Bisection},
	booktitle = {Proceedings of the 22Nd ACM SIGKDD International Conference on Knowledge Discovery and Data Mining},
	series = {KDD '16},
	year = {2016},
	isbn = {978-1-4503-4232-2},
	location = {San Francisco, California, USA},
	pages = {1535--1544},
	numpages = {10},
	url = {http://doi.acm.org/10.1145/2939672.2939862},
	doi = {10.1145/2939672.2939862},
	acmid = {2939862},
	publisher = {ACM},
	address = {New York, NY, USA},
	keywords = {algorithms, approximation algorithms, compression, data mining, distributed algorithms, experimentation, graph algorithms, linear arrangement, social networks},
} 

@article{SQW15,
	author    = {Ju Sun and
	Qing Qu and
	John Wright},
	title     = {When Are Nonconvex Problems Not Scary?},
	journal   = {CoRR},
	volume    = {abs/1510.06096},
	year      = {2015},
	url       = {http://arxiv.org/abs/1510.06096},
	archivePrefix = {arXiv},
	eprint    = {1510.06096},
	timestamp = {Wed, 07 Jun 2017 14:41:25 +0200},
	biburl    = {https://dblp.org/rec/bib/journals/corr/SunQW15a},
	bibsource = {dblp computer science bibliography, https://dblp.org}
}

@inproceedings{GLM16,
	author    = {Rong Ge and
	Jason D. Lee and
	Tengyu Ma},
	title     = {Matrix Completion has No Spurious Local Minimum},
	booktitle = {Advances in Neural Information Processing Systems 29: Annual Conference
	on Neural Information Processing Systems 2016, December 5-10, 2016,
	Barcelona, Spain},
	pages     = {2973--2981},
	year      = {2016},
	crossref  = {DBLP:conf/nips/2016},
	url       = {http://papers.nips.cc/paper/6048-matrix-completion-has-no-spurious-local-minimum},
	timestamp = {Fri, 03 Mar 2017 14:59:41 +0100},
	biburl    = {https://dblp.org/rec/bib/conf/nips/GeLM16},
	bibsource = {dblp computer science bibliography, https://dblp.org}
}

@inproceedings{AG16,
	author    = {Animashree Anandkumar and
	Rong Ge},
	title     = {Efficient approaches for escaping higher order saddle points in non-convex
	optimization},
	booktitle = {Proceedings of the 29th Conference on Learning Theory, {COLT} 2016,
	New York, USA, June 23-26, 2016},
	pages     = {81--102},
	year      = {2016},
	crossref  = {DBLP:conf/colt/2016},
	url       = {http://jmlr.org/proceedings/papers/v49/anandkumar16.html},
	timestamp = {Tue, 03 Jan 2017 13:44:56 +0100},
	biburl    = {https://dblp.org/rec/bib/conf/colt/AnandkumarG16},
	bibsource = {dblp computer science bibliography, https://dblp.org}
}


@inproceedings{GHJY15,
	author    = {Rong Ge and
	Furong Huang and
	Chi Jin and
	Yang Yuan},
	title     = {Escaping From Saddle Points - Online Stochastic Gradient for Tensor
	Decomposition},
	booktitle = {Proceedings of The 28th Conference on Learning Theory, {COLT} 2015,
	Paris, France, July 3-6, 2015},
	pages     = {797--842},
	year      = {2015},
	crossref  = {DBLP:conf/colt/2015},
	url       = {http://jmlr.org/proceedings/papers/v40/Ge15.html},
	timestamp = {Tue, 03 Jan 2017 13:44:56 +0100},
	biburl    = {https://dblp.org/rec/bib/conf/colt/GeHJY15},
	bibsource = {dblp computer science bibliography, https://dblp.org}
}

@ARTICLE{JK17,
	author = {{Jain}, P. and {Kar}, P.},
	title = "{Non-convex Optimization for Machine Learning}",
	journal = {ArXiv e-prints},
	archivePrefix = "arXiv",
	eprint = {1712.07897},
	primaryClass = "stat.ML",
	keywords = {Statistics - Machine Learning, Computer Science - Learning, Mathematics - Optimization and Control},
	year = 2017,
	month = dec,
	adsurl = {http://adsabs.harvard.edu/abs/2017arXiv171207897J},
	adsnote = {Provided by the SAO/NASA Astrophysics Data System}
}

@article{SBGBB17,
	title={OSQP: An operator splitting solver for quadratic programs},
	author={Stellato, Bartolomeo and Banjac, Goran and Goulart, Paul and Bemporad, Alberto and Boyd, Stephen},
	journal={arXiv preprint arXiv:1711.08013},
	year={2017}
}

@inproceedings{LRSST10,
	author    = {Jason D. Lee and
	Ben Recht and
	Ruslan Salakhutdinov and
	Nathan Srebro and
	Joel A. Tropp},
	title     = {Practical Large-Scale Optimization for Max-norm Regularization},
	booktitle = {Advances in Neural Information Processing Systems 23: 24th Annual
	Conference on Neural Information Processing Systems 2010. Proceedings
	of a meeting held 6-9 December 2010, Vancouver, British Columbia,
	Canada.},
	pages     = {1297--1305},
	year      = {2010},
	crossref  = {DBLP:conf/nips/2010},
	url       = {http://papers.nips.cc/paper/4124-practical-large-scale-optimization-for-max-norm-regularization},
	timestamp = {Thu, 11 Dec 2014 17:34:08 +0100},
	biburl    = {https://dblp.org/rec/bib/conf/nips/LeeRSST10},
	bibsource = {dblp computer science bibliography, https://dblp.org}
}


@book{B99,
	title={Nonlinear programming},
	author={Bertsekas, Dimitri P},
	year={1999},
	publisher={Athena scientific Belmont}
}

@article{KKPPSAP17,
  author    = {Igor Kabiljo and
               Brian Karrer and
               Mayank Pundir and
               Sergey Pupyrev and
               Alon Shalita and
               Yaroslav Akhremtsev and
               Alessandro Presta},
  title     = {Social Hash Partitioner: {A} Scalable Distributed Hypergraph Partitioner},
  journal   = {{PVLDB}},
  volume    = {10},
  number    = {11},
  pages     = {1418--1429},
  year      = {2017},
  url       = {http://www.vldb.org/pvldb/vol10/p1418-pupyrev.pdf},
  timestamp = {Wed, 16 Aug 2017 10:26:28 +0200},
  biburl    = {https://dblp.org/rec/bib/journals/pvldb/KabiljoKPPSAP17},
  bibsource = {dblp computer science bibliography, https://dblp.org}
}

@inproceedings{ABM16,
	author    = {Kevin Aydin and
	MohammadHossein Bateni and
	Vahab S. Mirrokni},
	title     = {Distributed Balanced Partitioning via Linear Embedding},
	booktitle = {Proceedings of the Ninth {ACM} International Conference on Web Search
	and Data Mining, San Francisco, CA, USA, February 22-25, 2016},
	pages     = {387--396},
	year      = {2016},
	crossref  = {DBLP:conf/wsdm/2016},
	url       = {http://doi.acm.org/10.1145/2835776.2835829},
	doi       = {10.1145/2835776.2835829},
	timestamp = {Mon, 08 Feb 2016 15:38:27 +0100},
	biburl    = {https://dblp.org/rec/bib/conf/wsdm/AydinBM16},
	bibsource = {dblp computer science bibliography, https://dblp.org}
}

@inproceedings{UB13,
	author    = {Johan Ugander and
	Lars Backstrom},
	title     = {Balanced label propagation for partitioning massive graphs},
	booktitle = {Sixth {ACM} International Conference on Web Search and Data Mining,
	{WSDM} 2013, Rome, Italy, February 4-8, 2013},
	pages     = {507--516},
	year      = {2013},
	crossref  = {DBLP:conf/wsdm/2013},
	url       = {http://doi.acm.org/10.1145/2433396.2433461},
	doi       = {10.1145/2433396.2433461},
	timestamp = {Thu, 14 Feb 2013 21:47:17 +0100},
	biburl    = {https://dblp.org/rec/bib/conf/wsdm/UganderB13},
	bibsource = {dblp computer science bibliography, https://dblp.org}
}
